@article{Kormushev_MDPI_2013,
  author = {Kormushev, Petar and Calinon, Sylvain and Caldwell, Darwin G.},
  title = {Reinforcement Learning in Robotics: Applications and Real-World Challenges},
  journal = {Robotics},
  volume = {2},
  year = {2013},
  number = {3},
  pages = {122--148},
  issn = {2218-6581},
  howpublished = {http://www.mdpi.com/2218-6581/2/3/122},
  url = {http://kormushev.com/papers/Kormushev_MDPI_2013.pdf}
}

@misc{ABBsDual5:online,
author = {ABB},
title = {ABB's Dual-Arm Collaborative Robot - Industrial Robots From ABB Robotics},
howpublished = {\url{https://new.abb.com/products/robotics/industrial-robots/yumi}},
note = {(Accessed on 01/24/2019)}
}

@article{OMPL,
author = {Sucan, Ioan and Moll, Mark and Kavraki, E.E.},
year = {2012},
month = {12},
pages = {72-82},
title = {The Open Motion Planning Library},
volume = {19},
journal = {Robotics and Automation Magazine, IEEE},
doi = {10.1109/MRA.2012.2205651}
}

@misc{OMPLPrim20:online,
author = {Sucan, Ioan and Moll, Mark and Kavraki, E.E.},
title = {Open Motion Planning Library: A Primer},
howpublished = {\url{http://ompl.kavrakilab.org/OMPL_Primer.pdf}},
}

@article{Kavraki1996ProbabilisticRF,
  title={Probabilistic roadmaps for path planning in high-dimensional configuration spaces},
  author={Lydia E. Kavraki and Petr Svestka and Jean-Claude Latombe and Mark H. Overmars},
  journal={IEEE Trans. Robotics and Automation},
  year={1996},
  volume={12},
  pages={566-580}
}

@article{RRT,
author = {Steven M. LaValle and James J. Kuffner, Jr.},
title ={Randomized Kinodynamic Planning},
journal = {The International Journal of Robotics Research},
volume = {20},
number = {5},
pages = {378-400},
year = {2001},
}

@article{Sucan2012AST,
  title={A Sampling-Based Tree Planner for Systems With Complex Dynamics},
  author={Ioan Alexandru Sucan and Lydia E. Kavraki},
  journal={IEEE Transactions on Robotics},
  year={2012},
  volume={28},
  pages={116-131}
}

@inproceedings{inproceedings,
author = {Sanchez-Ante, Gildardo and Latombe, Jean-Claude},
year = {2001},
month = {01},
pages = {403-417},
title = {A Single-Query Bi-Directional Probabilistic Roadmap Planner with Lazy Collision Checking},
journal = {International Journal of Robotic Research - IJRR}
}

@article{hsu,
author = {Hsu, David and Latombe, Jean-claude and Motwani, Rajeev},
year = {1997},
month = {03},
title = {Path Planning in Expansive Configuration Spaces},
volume = {09},
journal = {International Journal of Computational Geometry & Applications},
}

@article{YOLO,
  author    = {Joseph Redmon and
               Santosh Kumar Divvala and
               Ross B. Girshick and
               Ali Farhadi},
  title     = {You Only Look Once: Unified, Real-Time Object Detection},
  journal   = {CoRR},
  volume    = {abs/1506.02640},
  year      = {2015},
  url       = {http://arxiv.org/abs/1506.02640},
}

@article{RCNN,
  author    = {Ross B. Girshick and
               Jeff Donahue and
               Trevor Darrell and
               Jitendra Malik},
  title     = {Rich feature hierarchies for accurate object detection and semantic
               segmentation},
  journal   = {CoRR},
  volume    = {abs/1311.2524},
  year      = {2013},
  url       = {http://arxiv.org/abs/1311.2524},
}

@article{FastRCNN,
  author    = {Ross B. Girshick},
  title     = {Fast {R-CNN}},
  journal   = {CoRR},
  volume    = {abs/1504.08083},
  year      = {2015},
  url       = {http://arxiv.org/abs/1504.08083},
}

@article{FasterRCNN,
  author    = {Shaoqing Ren and
               Kaiming He and
               Ross B. Girshick and
               Jian Sun},
  title     = {Faster {R-CNN:} Towards Real-Time Object Detection with Region Proposal
               Networks},
  journal   = {CoRR},
  volume    = {abs/1506.01497},
  year      = {2015},
  url       = {http://arxiv.org/abs/1506.01497},
}

@misc{YOLOonline,
author = {Adrian Rosebrock},
title = {YOLO object detection with OpenCV - PyImageSearch},
howpublished = {\url{https://www.pyimagesearch.com/2018/11/12/yolo-object-detection-with-opencv/}},
month = {12},
year = {2018},
note = {(Accessed on 01/25/2019)}
}

@article{YOLO9000,
  author    = {Joseph Redmon and
               Ali Farhadi},
  title     = {{YOLO9000:} Better, Faster, Stronger},
  journal   = {CoRR},
  volume    = {abs/1612.08242},
  year      = {2016},
  url       = {http://arxiv.org/abs/1612.08242},
}

@article{YOLOv3,
  author    = {Joseph Redmon and
               Ali Farhadi},
  title     = {YOLOv3: An Incremental Improvement},
  journal   = {CoRR},
  volume    = {abs/1804.02767},
  year      = {2018},
  url       = {http://arxiv.org/abs/1804.02767},
  archivePrefix = {arXiv},
  timestamp = {Mon, 13 Aug 2018 16:48:24 +0200},
  biburl    = {https://dblp.org/rec/bib/journals/corr/abs-1804-02767},
}

@article{cie,
author = {Hernandez-Lopez, Jose-Juan and Quintanilla-Olvera, Ana-Linnet and Lopez-Ramirez, Jose-Luis and Rangel-Butanda, Francisco-Javier and Ibarra-Manzano, Mario and Almanza-Ojeda, Dora},
year = {2012},
month = {12},
pages = {196–204},
title = {Detecting objects using color and depth segmentation with Kinect sensor},
volume = {3},
journal = {Procedia Technology},
}

@inproceedings{HSV,
author = {Jurado, Francisco and Palacios, Guillermo and Flores, Francisco},
year = {2012},
month = {10},
title = {3D Color-based Tracking System for Real-time using Kinect Sensor}
}

@article{deformable_track,
  title={Tracking deformable objects with point clouds},
  author={John Schulman and Alex X. Lee and Jonathan Ho and Pieter Abbeel},
  journal={2013 IEEE International Conference on Robotics and Automation},
  year={2013},
  pages={1130-1137}
}

@article{vision_touch,
  title={Tracking objects with point clouds from vision and touch},
  author={Gregory Izatt and Geronimo Mirano and Edward Adelson and Russ Tedrake},
  journal={2017 IEEE International Conference on Robotics and Automation (ICRA)},
  year={2017},
  pages={4000-4007}
}

@misc{Productspecification,
author = {YuMi-specification},
title = {Product specification - YuMi - IRB 14000},
howpublished = {\url{https://new.abb.com/products/robotics/industrial-robots/irb-14000-yumi}},
note = {(Accessed on 01/27/2019)}
}

@inproceedings{openpose,
  author = {Zhe Cao and Tomas Simon and Shih-En Wei and Yaser Sheikh},
  booktitle = {CVPR},
  title = {Realtime Multi-Person 2D Pose Estimation using Part Affinity Fields},
  year = {2017}
}

@misc{openpose2,
author = {Zhe Cao and Gines Hidalgo and Tomas Simon and Shih-En Wei and Yaser Sheikh},
title = {CMU-Perceptual-Computing-Lab/openpose: OpenPose: Real-time multi-person keypoint detection library for body, face, hands, and foot estimation},
howpublished = {\url{https://github.com/CMU-Perceptual-Computing-Lab/openpose}},
note = {(Accessed on 01/28/2019)}
}

@misc{iCub,
author = {iCub},
title = {iCub.org - an open source cognitive humanoid robotic platform},
howpublished = {\url{http://www.icub.org/index.php}},
note = {(Accessed on 01/28/2019)}
}

@misc{baxter,
author = {Baxter},
title = {Rethink Robotics | Smart Collaborative Robots | Advanced Automation Technology},
howpublished = {\url{https://www.rethinkrobotics.com/}},
note = {(Accessed on 01/28/2019)}
}

@article{DeepIM,
  author    = {Yi Li and
               Gu Wang and
               Xiangyang Ji and
               Yu Xiang and
               Dieter Fox},
  title     = {DeepIM: Deep Iterative Matching for 6D Pose Estimation},
  journal   = {CoRR},
  volume    = {abs/1804.00175},
  year      = {2018},
  url       = {http://arxiv.org/abs/1804.00175},
}

@article{PoseCNN,
  author    = {Yu Xiang and
               Tanner Schmidt and
               Venkatraman Narayanan and
               Dieter Fox},
  title     = {PoseCNN: {A} Convolutional Neural Network for 6D Object Pose Estimation in Cluttered Scenes},
  journal   = {CoRR},
  volume    = {abs/1711.00199},
  year      = {2017},
  url       = {http://arxiv.org/abs/1711.00199},
}

@article{DenseFusion,
  author    = {Chen Wang and
               Danfei Xu and
               Yuke Zhu and
               Roberto Mart{\'{\i}}n{-}Mart{\'{\i}}n and
               Cewu Lu and
               Li Fei{-}Fei and
               Silvio Savarese},
  title     = {DenseFusion: 6D Object Pose Estimation by Iterative Dense Fusion},
  journal   = {CoRR},
  volume    = {abs/1901.04780},
  year      = {2019},
  url       = {http://arxiv.org/abs/1901.04780},
}

@article{singleshot,
  author    = {Bugra Tekin and
               Sudipta N. Sinha and
               Pascal Fua},
  title     = {Real-Time Seamless Single Shot 6D Object Pose Prediction},
  journal   = {CoRR},
  volume    = {abs/1711.08848},
  year      = {2017},
  url       = {http://arxiv.org/abs/1711.08848},
}

@article{linemod,
  title={Multimodal templates for real-time detection of texture-less objects in heavily cluttered scenes},
  author={Stefan Hinterstoi{\ss}er and Stefan Holzer and Cedric Cagniart and Slobodan Ilic and Kurt Konolige and Nassir Navab and Vincent Lepetit},
  journal={2011 International Conference on Computer Vision},
  year={2011},
  pages={858-865}
}

@article{rsc,
author = {A. Fischler, Martin and C. Bolles, Robert},
year = {1981},
month = {06},
pages = {381-395},
title = {Random Sample Consensus: A Paradigm for Model Fitting with Applications To Image Analysis and Automated Cartography},
volume = {24},
journal = {Communications of the ACM},
doi = {10.1145/358669.358692}
}

@misc{random,
author = {Wikipedia},
title = {Random sample consensus - Wikipedia},
howpublished = {\url{https://en.wikipedia.org/wiki/Random_sample_consensus}},
note = {(Accessed on 05/28/2019)}
}

@misc{tfROSWik,
author = {ROSWiki},
title = {tf - ROS Wiki},
howpublished = {\url{http://wiki.ros.org/tf#Paper}},
month = {},
year = {},
note = {(Accessed on 06/01/2019)}
}

@misc{EGMfiles,
author = {GithubIssue},
title = {EGM files are missing · Issue \#7 · kth-ros-pkg/yumi},
howpublished = {\url{https://github.com/kth-ros-pkg/yumi/issues/7}},
month = {},
year = {},
note = {(Accessed on 06/01/2019)}
}

@misc{bjelonicYolo2018,
  author = {Marko Bjelonic},
  title = {{YOLO ROS}: Real-Time Object Detection for {ROS}},
  howpublished = {\url{https://github.com/leggedrobotics/darknet_ros}},
  year = {2016--2018},
}

@misc{celldecom,
  author = {David Johnson},
  title = {Visibility Graphs and Cell Decomposition},
}

@inproceedings{potential,
  title={Potential Fields Tutorial},
  author={Michael A. Goodrich},
  year={2002}
}

@misc{3dpotential,
author = {Rymsha Siddiqui},
title = {Path Planning Using Potential Field Algorithm},
howpublished = {\url{https://medium.com/@rymshasiddiqui/path-planning-using-potential-field-algorithm-a30ad12bdb08}},
month = {},
year = {},
note = {(Accessed on 06/14/2019)}
}

@article{reinforcementl,
  author    = {Shixiang Gu and
               Ethan Holly and
               Timothy P. Lillicrap and
               Sergey Levine},
  title     = {Deep Reinforcement Learning for Robotic Manipulation},
  journal   = {CoRR},
  volume    = {abs/1610.00633},
  year      = {2016},
  url       = {http://arxiv.org/abs/1610.00633},
}

@article{drlsac,
  author    = {Tuomas Haarnoja and
               Aurick Zhou and
               Kristian Hartikainen and
               George Tucker and
               Sehoon Ha and
               Jie Tan and
               Vikash Kumar and
               Henry Zhu and
               Abhishek Gupta and
               Pieter Abbeel and
               Sergey Levine},
  title     = {Soft Actor-Critic Algorithms and Applications},
  journal   = {CoRR},
  volume    = {abs/1812.05905},
  year      = {2018},
  url       = {http://arxiv.org/abs/1812.05905},
}